<?xml version="1.0" encoding="UTF-8"?><record xmlns="http://www.loc.gov/MARC21/slim" xmlns:cinclude="http://apache.org/cocoon/include/1.0" xmlns:zs="http://www.loc.gov/zing/srw/">
  <leader>00630nz  a2200181n  4500</leader>
  <controlfield tag="001">no2015037048</controlfield>
  <controlfield tag="003">DLC</controlfield>
  <controlfield tag="005">20150320073613.0</controlfield>
  <controlfield tag="008">150319n| azannaabn          |a aaa     c</controlfield>
  <datafield tag="010" ind1=" " ind2=" ">
    <subfield code="a">no2015037048</subfield>
  </datafield>
  <datafield tag="035" ind1=" " ind2=" ">
    <subfield code="a">(OCoLC)oca10117219</subfield>
  </datafield>
  <datafield tag="040" ind1=" " ind2=" ">
    <subfield code="a">ICrlF</subfield>
    <subfield code="b">eng</subfield>
    <subfield code="e">rda</subfield>
    <subfield code="c">ICrlF</subfield>
  </datafield>
  <datafield tag="046" ind1=" " ind2=" ">
    <subfield code="k">2014</subfield>
  </datafield>
  <datafield tag="100" ind1="1" ind2=" ">
    <subfield code="a">Pichon, Liz.</subfield>
    <subfield code="t">Extra special treats (not).</subfield>
    <subfield code="l">Spanish</subfield>
  </datafield>
  <datafield tag="377" ind1=" " ind2=" ">
    <subfield code="a">spa</subfield>
  </datafield>
  <datafield tag="381" ind1=" " ind2=" ">
    <subfield code="a">Corte패s Coronas</subfield>
  </datafield>
  <datafield tag="400" ind1="1" ind2=" ">
    <subfield code="a">Pichon, Liz.</subfield>
    <subfield code="t">Su패per premios geniales (... o no)</subfield>
  </datafield>
  <datafield tag="670" ind1=" " ind2=" ">
    <subfield code="a">Pichon, Liz. Su패per premios geniales (... o no), c2014 :</subfield>
    <subfield code="b">t.p. verso (original title, Extra special treats (not) ; translated by Daniel Corte패s Coronas)</subfield>
  </datafield>
</record>